%@book{,
%    title = {},
%    author = {},
%    isbn = {},
%    year = {},
%    publisher = {},
%    location = {}
%}

@book {Giffiths,
    title = {Introduction to Elementary Particles},
    author = {David Griffiths},
    isbn = {9783527406012},
    year = {2010},
    publisher = {Wiley-VCH Verlag GmbH \& Co. KGaA},
    location = {Weinheim, Germany}
}

@book{DeAngelisPimenta,
    title = {Introduction to Particle and Astroparticle Physics},
    subtitle = {Multimessenger Astronomy and its Particle Physics Foundations},
    author = {Alessandro De Angelis and Mario Pimenta},
    isbn = {9783319781808},
    year = {2018},
    publisher = {Springer International Publishing AG},
    location = {Cham, Switzerland}
}

@book{JamesWittenHastieTibshirani,
    title = {An Introduction to Statistical Learning with Applications in R},
    author = {James, Gareth and Witten, Daniela and Hastie, Trevor and Tibshirani, Robert},
    isbn = {9781461471370},
    year = {2017},
    publisher = {Springer},
    location = {New York}
}

@book{Hauptman,
    title = {Particle Physics Experiments at High Energy Colliders},
    author = {Hauptman, John},
    isbn = {9783527408252},
    year = {2011},
    publisher = {Wiley-VCH},
    location = {Weinheim, Germany}
}

@book{NarskyPorter,
    title = {Statistical Analysis Techniques in Particle Physics},
    subtitle = {Fits, Density Estimation and Supervised Learning},
    author = {Narsky, Ilya and Porter, Frank},
    isbn = {9783527410866},
    year = {2014},
    publisher = {Wiley-VCH},
    location = {Weinheim, Germany}
}

@book{Behnke,
    title = {Data Analysis in High Energy Physics},
    subtitle = {A Practical Guide to Statistical Methods},
    editor = {Behnke, O. and Kr{\"o}ninger, K. and Schott, G. and Sch{\"o}rner-Sadenius, T.},
    isbn = {9783527410583},
    year = {2013},
    publisher = {Wiley-VCH},
    location = {Weinheim, Germany}
}

@book{Trefil,
    title = {From Atoms to Quarks},
    author = {Trefil, James},
    isbn = {0684164841},
    year = {1980},
    publisher = {Charles Scriber's Sons},
    location = {New York}
}

@book {Schwichtenberg,
title = {Physics From Symmetry},
author = {Jakob Schwichtenberg},
isbn = {9783319666303},
year = {2018},
publisher = {Springer},
location = {Cham, Switzerland}
}

%@article{Pais1,
%    author = "A. Pais, S. B. Treiman",
%    title = "How Many Charm Quantum Numbers Are There?",
%    journal = "Physical Review Letters",
%    volume = "35",
%    number = "23",
%    year = "1975",
%    pages = "1556--1559",
%    DOI = "https://journals.aps.org/prl/pdf/10.1103/PhysRevLett.35.1556"
%}

@book {Larkoski,
    title = {Elementary Particle Physics: An Intuitive Introduction},
    author = {Andrew Larkoski},
    isbn = {9781108496988},
    year = {2019},
    publisher = {Cambridge University Press},
    location = {Cambridge, United Kingdom}
}

@article{Pais1,
  title = {How Many Charm Quantum Numbers are There?},
  author = {Pais, A. and Treiman, S. B.},
  journal = {Phys. Rev. Lett.},
  volume = {35},
  issue = {23},
  pages = {1556--1559},
  numpages = {0},
  year = {1975},
  month = {12},
  publisher = {American Physical Society},
  doi = {10.1103/PhysRevLett.35.1556},
  url = {https://link.aps.org/doi/10.1103/PhysRevLett.35.1556}
}

@article{Aaboud_2017,
title={Measurement of W±W± vector-boson scattering and limits on anomalous quartic gauge couplings with the ATLAS detector},
volume={96},
ISSN={2470-0029},
url={http://dx.doi.org/10.1103/PhysRevD.96.012007},
DOI={10.1103/physrevd.96.012007},
number={1},
journal={Physical Review D},
publisher={American Physical Society (APS)},
author={Aaboud, M. and Aad, G. and Abbott, B. and Abdallah, J. and Abdinov, O. and Abeloos, B. and Aben, R. and AbouZeid, O.S. and Abraham, N.L. and Abramowicz, H. and et al.},
year={2017},
month={Jul}
}

@article{Aaboud_2019,
title={Observation of electroweak W±Z boson pair production in association with two jets in pp collisions at s=13 TeV with the ATLAS detector},
volume={793},
ISSN={0370-2693},
url={http://dx.doi.org/10.1016/j.physletb.2019.05.012},
DOI={10.1016/j.physletb.2019.05.012},
journal={Physics Letters B},
publisher={Elsevier BV},
author={Aaboud, M. and Aad, G. and Abbott, B. and Abdinov, O. and Abeloos, B. and Abhayasinghe, D.K. and Abidi, S.H. and AbouZeid, O.S. and Abraham, N.L. and Abramowicz, H. and et al.},
year={2019},
month={Jun},
pages={469–492}
}

@article{Aaboud_2019_2,
title={Observation of Electroweak Production of a Same-Sign W Boson Pair in Association with Two Jets in pp Collisions at s=13TeV with the ATLAS Detector},
volume={123},
ISSN={1079-7114},
url={http://dx.doi.org/10.1103/PhysRevLett.123.161801},
DOI={10.1103/physrevlett.123.161801},
number={16},
journal={Physical Review Letters},
publisher={American Physical Society (APS)},
author={Aaboud, M. and Aad, G. and Abbott, B. and Abdinov, O. and Abeloos, B. and Abhayasinghe, D.K. and Abidi, S.H. and AbouZeid, O.S. and Abraham, N.L. and Abramowicz, H. and et al.},
year={2019},
month={Oct}
}

@article{Alessandro_2018,
title={Vector boson scattering: Recent experimental and theory developments},
volume={3},
ISSN={2405-4283},
url={http://dx.doi.org/10.1016/j.revip.2018.11.001},
DOI={10.1016/j.revip.2018.11.001},
journal={Reviews in Physics},
publisher={Elsevier BV},
author={Alessandro, Riccardo, Benedikt, et al.},
year={2018},
month={Nov},
pages={44–63}
}

@article{Baldi_2014,
title={Searching for exotic particles in high-energy physics with deep learning},
volume={5},
ISSN={2041-1723},
url={http://dx.doi.org/10.1038/ncomms5308},
DOI={10.1038/ncomms5308},
number={1},
journal={Nature Communications},
publisher={Springer Science and Business Media LLC},
author={Baldi, P. and Sadowski, P. and Whiteson, D.},
year={2014},
month={Jul}
}

@article{Bhat_2010,
author = {Bhat, Pushpalatha C.},
title = {Advanced Analysis Methods in Particle Physics},
reportNumber = {FERMILAB-PUB-10-425-PPD},
year = {2010}
}

@article{Butterworth_2002,
title={WW scattering at the CERN LHC},
volume={65},
ISSN={1089-4918},
url={http://dx.doi.org/10.1103/PhysRevD.65.096014},
DOI={10.1103/physrevd.65.096014},
number={9},
journal={Physical Review D},
publisher={American Physical Society (APS)},
author={Butterworth, J. M. and Cox, B. E. and Forshaw, J. R.},
year={2002},
month={May}
}

@article{Covarelli_2021,
title={Vector-Boson scattering at the LHC: Unraveling the electroweak sector},
volume={36},
ISSN={1793-656X},
url={http://dx.doi.org/10.1142/S0217751X2130009X},
DOI={10.1142/s0217751x2130009x},
number={16},
journal={International Journal of Modern Physics A},
publisher={World Scientific Pub Co Pte Lt},
author={Covarelli, Roberto and Pellen, Mathieu and Zaro, Marco},
year={2021},
month={May},
pages={2130009}
}

@article{Ethier_2021,
title={SMEFT analysis of vector boson scattering and diboson data from the LHC Run II},
volume={81},
ISSN={1434-6052},
url={http://dx.doi.org/10.1140/epjc/s10052-021-09347-7},
DOI={10.1140/epjc/s10052-021-09347-7},
number={6},
journal={The European Physical Journal C},
publisher={Springer Science and Business Media LLC},
author={Ethier, Jacob J. and Gomez-Ambrosio, Raquel and Magni, Giacomo and Rojo, Juan},
year={2021},
month={Jun}
}

@misc{franzosi_2021,
title={Vector Boson Scattering Processes: Status and Prospects},
author={Franzosi, Gallinaro, Ruiz, et. al},
year={2021},
eprint={2106.01393},
archivePrefix={arXiv},
primaryClass={hep-ph}
}

@misc{gallinaro_2020,
title={Beyond the Standard Model in Vector Boson Scattering Signatures},
author={Gallinaro, Long, Reuter et. al.},
year={2020},
eprint={2005.09889},
archivePrefix={arXiv},
primaryClass={hep-ph}
}

@article{Green_2017,
title={Multiboson interactions at the LHC},
volume={89},
ISSN={1539-0756},
url={http://dx.doi.org/10.1103/RevModPhys.89.035008},
DOI={10.1103/revmodphys.89.035008},
number={3},
journal={Reviews of Modern Physics},
publisher={American Physical Society (APS)},
author={Green, D.R. and Meade, P. and Pleier, M.-A.},
year={2017},
month={Sep}
}

@article{Khachatryan_2015,
title = {Study of Vector Boson Scattering and Search for New Physics in Events with Two Same-Sign Leptons and Two Jets},
author = {Khachatryan, V. and Sirunyan, A. M. and Tumasyan, A. and Adam, W. et. al.},
collaboration = {CMS Collaboration},
journal = {Phys. Rev. Lett.},
volume = {114},
issue = {5},
pages = {051801},
numpages = {16},
year = {2015},
month = {Feb},
publisher = {American Physical Society},
doi = {10.1103/PhysRevLett.114.051801},
url = {https://link.aps.org/doi/10.1103/PhysRevLett.114.051801}
}

@article{Li_2021,
title={Detecting anomalies in vector boson scattering},
volume={45},
ISSN={2058-6132},
url={http://dx.doi.org/10.1088/1674-1137/abf829},
DOI={10.1088/1674-1137/abf829},
number={7},
journal={Chinese Physics C},
publisher={IOP Publishing},
author={Li, Jinmian and Yang, Shuo and Zhang, Rao},
year={2021},
month={Jul},
pages={073104}
}

@article{Lista_2016,
Author = {Luca Lista},
Title = {Practical Statistics for Particle Physicists},
Year = {2016},
Eprint = {arXiv:1609.04150v2},
Howpublished = {CERN Yellow Reports: School Proceedings, [S.l.], v. 5, p. 213,
dec. 2017. ISSN 2519-805X},
Doi = {10.23730/CYRSP-2017-005.213},
}

@misc{Pigard_2017,
title={Vector boson fusion and scattering results from CMS},
author={Philipp Pigard},
year={2017},
eprint={1710.10135},
archivePrefix={arXiv},
primaryClass={hep-ex}
}

@misc{rauch2016vectorboson,
title={Vector-Boson Fusion and Vector-Boson Scattering},
author={Michael Rauch},
year={2016},
eprint={1610.08420},
archivePrefix={arXiv},
primaryClass={hep-ph}
}

@techreport{Rauco_2017,
author = "Rauco, Giorgia",
title = "{Distinguishing quark and gluon jets at the LHC.
Quark-gluon separation at the LHC}",
institution = "CERN",
collaboration = "ATLAS and CMS Collaborations",
address = "Geneva",
reportNumber = "CMS-CR-2017-001",
month = "Jan",
year = "2017",
url = "https://cds.cern.ch/record/2254861",
}

@thesis{Schnoor_2014,
author = "Schnoor, Ulrike",
title = "{Vector Boson Scattering and Electroweak Production of Two
Like-Charge W Bosons and Two Jets at the Current and Future
ATLAS Detector}",
month = "Nov",
year = "2014",
url = "https://cds.cern.ch/record/2000941",
note = "Presented 30 Jan 2015",
}

@article{Sirunyan_2019,
title={Search for anomalous electroweak production of vector boson pairs in association with two jets in proton-proton collisions at 13 TeV},
volume={798},
ISSN={0370-2693},
url={http://dx.doi.org/10.1016/j.physletb.2019.134985},
DOI={10.1016/j.physletb.2019.134985},
journal={Physics Letters B},
publisher={Elsevier BV},
author={Sirunyan, A.M. and Tumasyan, A. and Adam, W. and Ambrogi, F. and Asilar, E. and Bergauer, T. and Brandstetter, J. and Dragicevic, M. and Erö, J. and Escalante Del Valle, A. and et al.},
year={2019},
month={Nov},
pages={134985}
}

@article{Sirunyan_2020,
title={Measurements of production cross sections of WZ and same-sign WW boson pairs in association with two jets in proton-proton collisions at s=13TeV},
volume={809},
ISSN={0370-2693},
url={http://dx.doi.org/10.1016/j.physletb.2020.135710},
DOI={10.1016/j.physletb.2020.135710},
journal={Physics Letters B},
publisher={Elsevier BV},
author={Sirunyan, A.M. and Tumasyan, A. and Adam, W. et. al.},
year={2020},
month={Oct},
pages={135710}
}

@article{Sirunyan_2021,
title={Evidence for electroweak production of four charged leptons and two jets in proton-proton collisions at s=13TeV},
volume={812},
ISSN={0370-2693},
url={http://dx.doi.org/10.1016/j.physletb.2020.135992},
DOI={10.1016/j.physletb.2020.135992},
journal={Physics Letters B},
publisher={Elsevier BV},
author={Sirunyan, A.M. and Tumasyan, A. and Adam, W. and Ambrogi, F. and Bergauer, T. and Dragicevic, M. and Erö, J. and Escalante Del Valle, A. and Frühwirth, R. and Jeitler, M. and et al.},
year={2021},
month={Jan},
pages={135992}
}

@misc{Szleper_2015,
title={The Higgs boson and the physics of WW scattering before and after Higgs discovery},
author={Michał Szleper},
year={2015},
eprint={1412.8367},
archivePrefix={arXiv},
primaryClass={hep-ph}
}

@misc{Tricoli_2020,
title={Vector Bosons and Jets in Proton Collisions},
author={Alessandro Tricoli and Marek Schönherr and Paolo Azzurri},
year={2020},
eprint={2012.13967},
archivePrefix={arXiv},
primaryClass={hep-ex}
}